<record xmlns="http://www.loc.gov/MARC21/slim" xmlns:xsi="http://www.w3.org/2001/XMLSchema-instance" xsi:schemaLocation="http://www.loc.gov/MARC21/slim http://www.loc.gov/standards/marcxml/schema/MARC21slim.xsd"><leader>     nam a22        4500</leader><controlfield tag="001">3058890</controlfield><controlfield tag="003">NNC</controlfield><controlfield tag="006">m        d        </controlfield><controlfield tag="007">cr cn |||m|||a</controlfield><controlfield tag="008">150316s1962    iq      o     000 0 arao </controlfield><datafield ind1=" " ind2=" " tag="040"><subfield code="a">NNU</subfield><subfield code="b">eng</subfield><subfield code="e">rda</subfield><subfield code="c">NNU</subfield></datafield><datafield ind1=" " ind2="4" tag="050"><subfield code="a">BP193.1</subfield><subfield code="b">.A3 A23</subfield></datafield><datafield ind1="1" ind2=" " tag="100"><subfield code="a">&#699;Askari&#772;, Najm al-Di&#772;n Ja&#699;far ibn Muh&#803;ammad.</subfield></datafield><datafield ind1="1" ind2="0" tag="245"><subfield code="a">&#699;Ali&#772; wa-al-Shi&#772;&#699;ah :</subfield><subfield code="b">yatad&#803;amman ma&#772; li-shi&#772;&#699;at al-Ima&#772;m Ami&#772;r al-Mu&#700;mini&#772;n &#699;Ali&#772; ibn Abi&#772; T&#803;a&#772;lib wa-muh&#803;ibbi&#772;hi min al-fad&#803;a&#772;&#700;il al-mustaqa&#772;t mimma&#772; dhakarahu &#699;ulama&#772;&#700; al-sunnah fi&#772; mu&#700;allafa&#772;tihim /</subfield><subfield code="c">ta&#700;li&#772;f Najm al-Di&#772;n al-Shari&#772;f al-&#699;Askari&#772;. Wa-yali&#772;hi kita&#772;b Fad&#803;a&#772;&#700;il al-Shi&#772;&#699;ah wa-kita&#772;b S&#803;ifa&#772;t al-Shi&#772;&#699;ah / kila&#772;huma&#772; li-Abi&#772; Ja&#699;far Muh&#803;ammad ibn &#699;Ali&#772; ibn al-H&#803;usayn ibn Mu&#772;sa&#769; ibn Ba&#772;bawayh al-Qummi&#772; al-ma&#699;ru&#772;f bi-al-S&#803;adu&#772;q.</subfield></datafield><datafield ind1=" " ind2=" " tag="260"><subfield code="a">al-Najaf :</subfield><subfield code="b">Mat&#803;ba&#699;at al-A&#772;da&#772;b,</subfield><subfield code="c">[1962?]</subfield></datafield><datafield ind1=" " ind2=" " tag="300"><subfield code="a">online resource (189 pages)</subfield></datafield><datafield ind1=" " ind2=" " tag="336"><subfield code="a">text</subfield><subfield code="2">rdacontent</subfield></datafield><datafield ind1=" " ind2=" " tag="337"><subfield code="a">computer</subfield><subfield code="2">rdamedia</subfield></datafield><datafield ind1=" " ind2=" " tag="338"><subfield code="a">online resource</subfield><subfield code="2">rdacarrier</subfield></datafield><datafield ind1=" " ind2=" " tag="500"><subfield code="a">Part of the Arabic Collections Online (ACO) project, contributed by Columbia University Libraries.</subfield></datafield><datafield ind1=" " ind2=" " tag="533"><subfield code="a">Electronic reproduction.</subfield><subfield code="b">New York, N.Y. :</subfield><subfield code="c">New York University,</subfield><subfield code="d">2015.</subfield><subfield code="5">NNU</subfield></datafield><datafield ind1="0" ind2="0" tag="600"><subfield code="a">&#699;Ali&#772; ibn Abi&#772; T&#803;a&#772;lib,</subfield><subfield code="c">Caliph,</subfield><subfield code="d">approximately 600-661.</subfield></datafield><datafield ind1="0" ind2="7" tag="600"><subfield code="a">&#699;Ali&#772; ibn Abi&#772; T&#803;a&#772;lib,</subfield><subfield code="c">Caliph,</subfield><subfield code="d">approximately 600-661.</subfield><subfield code="2">fast</subfield><subfield code="0">(OCoLC)fst01804105</subfield></datafield><datafield ind1="1" ind2=" " tag="700"><subfield code="a">Ibn Ba&#772;bawayh, Muh&#803;ammad ibn &#699;Ali&#772;,</subfield><subfield code="d">-991 or 2.</subfield><subfield code="t">Fad&#803;a&#772;&#700;il al-Shi&#772;&#699;ah.</subfield></datafield><datafield ind1="1" ind2=" " tag="700"><subfield code="a">Ibn Babawayh, Muh&#803;ammad ibn &#699;Ali&#772;,</subfield><subfield code="d">-991 or 2.</subfield><subfield code="t">S&#803;ifa&#772;t al-Shi&#772;&#699;ah.</subfield></datafield><datafield ind1="2" ind2=" " tag="710"><subfield code="a">Columbia University.</subfield><subfield code="b">Libraries.</subfield></datafield><datafield ind1="0" ind2=" " tag="730"><subfield code="a">Arabic Collections Online.</subfield></datafield><datafield ind1="0" ind2="8" tag="776"><subfield code="i">Print version:</subfield><subfield code="a">&#699;Askari&#772;, Najm al-Di&#772;n Ja&#699;far ibn Muh&#803;ammad.</subfield><subfield code="t">&#699;Ali&#772; wa-al-Shi&#772;&#699;ah</subfield><subfield code="w">(NNC)3058890</subfield><subfield code="w">(DLC)ne 66001366 </subfield><subfield code="w">(OCoLC)23495623</subfield></datafield><datafield ind1="4" ind2="0" tag="856"><subfield code="u">http://hdl.handle.net/2333.1/31zcrmnp</subfield></datafield><datafield ind1=" " ind2=" " tag="959"><subfield code="a">NNU</subfield><subfield code="b">WEB</subfield><subfield code="c">GENI</subfield><subfield code="t">0</subfield><subfield code="m">Electronic access</subfield><subfield code="s">01</subfield></datafield><datafield ind1=" " ind2=" " tag="999"><subfield code="i">NNC_3058890</subfield><subfield code="o">(OCoLC)ocm23495623 </subfield><subfield code="s">columbia_aco000309</subfield><subfield code="e">(ERROR-880)</subfield></datafield></record>